@Book{zeszyty,
author = {Ewa Figielska},
title = {Zeszyty naukowe},
publisher = {Politechnika Warszawska},
year = {2011},
address = {Warszawa},

langid = {polish},
}
