@Book{GPS,
author = {James  Bao-Yen  Tsui},
title = {Fundamentals  of  Global  Positioning  System  Receivers:  A  Software  Approach},
publisher = {John  Wiley  \&  Sons,  Inc.},
year = {2000},
address = {NEW YORK / CHICHESTER / WEINHEIM / BRISBANE / SINGAPORE / TORONTO},

langid = {english},
}

@Article{ULTRA_med,
	author = {K. Miłowska},
	title = {Ultradźwięki - mechanizmy działania i zastosowanie w terapii sonodynamicznej},
	journal = {Postępy Hig Med. Dośw.},
	year = {2007},
	volume = {61},
	pages = {339--340}
}
@article{ultra_med2,
	organization = {RadiologyInfo.org},
	year = {March 09, 2018},
	title = {{General Ultrasound }},
	note = {\\\texttt{https://www.radiologyinfo.org/en/info.cfm?pg=genus}},
	author = {Author unknown},
	
	langid = {anglish},
}
@Article{ultra_auto,
	author = {Alessio Carullo and Marco Parvis},
	title = {An Ultrasonic Sensor for Distance Measurement in
	Automotive Applications},
	journal = {IEEE SENSORS JOURNAL,},
	year = {Sierpień 2001},
	volume = {1},
	number = {2},
}
@article{ultra_ciecze,
	organization = {AutomatykaB2B},
	year = {18 lutego 2008},
	title = {{Pomiary poziomu cieczy i materiałów sypkich}},
	note = {\\\texttt{https://automatykab2b.pl/technika/38496-pomiary-poziomu-\newline
	cieczy-i-materialow-sypkich}},
	author = {Marek Strzelczyk},
	
	langid = {polish},
}
@Article{3d_ultra,
	author = {Andon Lazarov, Dimitar Minchev, Atanas Dimitrov},
	title = {Ultrasonic Positioning System Implementation and Dynamic 3D Visualization},
	journal = {CYBERNETICS AND INFORMATION TECHNOLOGIES},
	year = {2017},
	volume = {17},
	number = {2},
}
@Article{ultra_ups,
	author = {Qiongzheng Lin, Zhenlin An, Lei Yang},
	title = {Rebooting Ultrasonic Positioning Systems for Ultrasound-incapable Smart Devices},
	journal = {arXiv},
	year = {10 Dec 2018},
	volume = {1812.02349},
	number = {2},
}
\bibitem{3d_ultra2}
	Sugimoto M., Tulathimutte K., Ito T., Sato T., Hashizume H. (2009) An Ultrasonic 3D Positioning System Using a Single Compact Receiver Unit. In: Choudhury T., Quigley A., Strang T., Suginuma K. (eds) Location and Context Awareness. LoCA 2009. Lecture Notes in Computer Science, vol 5561. Springer, Berlin, Heidelberg
@Article{3d_ultra2,
	author = {Sugimoto M., Tulathimutte K., Ito T., Sato T., Hashizume H.},
	title = {An Ultrasonic 3D Positioning System Using a Single Compact Receiver Unit.},
	journal = {Lecture Notes in Computer Science},
	year = {2009},
	volume = {5561},
}
@manual{czujniki,
	organization = {SUNNY ELECTRONICS TECHNOLOGY CO., LTD},
	title = {{ULTRASONIC SENSOR (GENERAL)}},
	note = {\\\texttt{https://www.maritex.com.pl/product/attachment/36381/40str-12.pdf}},
	
	langid = {english},
}
@manual{lm567,
	organization = {TEXAS INSTRUMENTS},
	title = {{LM567xTone Decoder}},
	note = {\\\texttt{http://www.ti.com/lit/ds/symlink/lm567c.pdf}},
	
	langid = {english},
}

@manual{lm567ko,
	organization = {TEXAS lkaripnb},
	title = {{LM567xTone Decoder}},
	note = {\\\texttt{http://www.ti.com/lit/ds/symlink/lm567c.pdf}},
	
	langid = {english},
}